@IEEEtranBSTCTL{IEEEexample:BSTcontrol,
  CTLdash_repeated_names = "no"
}

@inproceedings{RAM13,
    author = {Moreno, Francisco and Ojeda, Jordan and Ram\'irez, Esmitt and Mena, Christiam and Rodr\'iguez, Omaira and Rangel, Jeanlight and \'Alvarez, Silvio},
 title = {{Un Framework para la Rehabilitación Física en Miembros Superiores con Realidad Virtual}},
 booktitle = {Proceedings de la I Conferencia Nacional de Computación, Informática y Sistemas (CoNCISa 2013)},
 address ={Naiguatá, Venezuela},
 year = {2013},
 pages= {77-84}
 }
 
  @inproceedings{RAM15,
    author = {Mayo, Andrés and Ram\'irez, Esmitt},
 title = {{DanceNet: Entorno Colaborativo para la Enseñanza de Coreografías empleando un Kinect}},
 booktitle = {Proceedings de la III Conferencia Nacional de Computación, Informática y Sistemas (CoNCISa 2015)},
 year = {2015},
 address ={Valencia, Venezuela},
 pages= {119-129}
 }
 
 @inproceedings{RAM1,
    author = {BBVA, Innovation center},
 title = {{La inmersión total en un mundo cada vez más a tu alcance}},
 year = {2015},
 page = {6},
 url = {http://boletines.prisadigital.com/ebook-cibbva-realidad-virtual.pdf}
 }

 @inproceedings{RAM2,
    author = {Pérez Martínez, Francisco Javier},
 title = {{Presente y Futuro de la Tecnología de la Dealidad Virtual}},
 year = {2011},
 pages = {5-7},
 url = {http://www.creatividadysociedad.com/articulos/16/4-RealidadVirtual.pdf}
 }

 @misc{PROFILER,
  author = {{Unity}},
  title = {{Profiler Window}},
  year = 2017,
  note = {https://docs.unity3d.com/Manual/Profiler
Window.html}
}

 @misc{OCULUS,
  author = {{Oculus VR, LLC}},
  title = {{Oculus Rift}},
  year = 2017,
  note = {http://www.oculus.com}
}

@misc{UNITY,
  author = {{Unity}},
  title = {{Unity 3D}},
  year = 2017,
  note = {https://unity3d.com}
}

@misc{LEAP,
  author = {{Leap Motion, Inc.}},
  title = {{Leap Motion}},
  year = 2017,
  note = {www.leapmotion.com}
}

@misc{POSI1,
  author = {Singer, Tim},
  title = {{Training Mind and Heart: Effects of Mental Training on Mental and Physical Health, Brain, and Prosocial behavior, presentado en el 14th Dalai Lama}},
  year = 2016,
  address ={Strasbourg, France},
  note = {https://goo.gl/UC6vtG}
}

@article{BRAIN1,
    author = {Makin, Simon},
 title = {{Brain training: Memory games}},
 journal = {Nature},
 year = {2016},
 month={Marzo},
 pages={S10–S11},
 issue={531}
 }

@article{BRAIN2,
 author = {Bavelier, Daphne and Davidson, Richard J. },
 title = {{Brain Training: Games to do you Good}},
 journal = {Nature},
 year = {2013},
 month={Febrero},
 pages={425–426},
 issue={494}
 }

@article{BUIT,
 author = {Buitenweg, Jessika and Murre, Jaap and Ridderinkhof, Richard},
 title = {{Brain Training in Progress: A Review of Trainability in Healthy Seniors}},
 journal = {Frontiers in Human Neuroscience},
 year = {2017},
 month={Julio},
 pages={425–426},
 vol={6},
 number={183}
 }

@article{WORKS1,
author = {Daniel J. Simons and Walter R. Boot and Neil Charness and Susan E. Gathercole and Christopher F. Chabris and David Z. Hambrick and Elizabeth A. L. Stine-Morrow},
title = {{Do ``Brain-Training'' Programs Work?}},
journal = {Psychological Science in the Public Interest},
volume = {17},
number = {3},
pages = {103-186},
year = {2016}
}

@inproceedings{Bolton,
 author = {Bolton, John and Lambert, Mike and Lirette, Denis and Unsworth, Ben},
 title = {{PaperDude: A Virtual Reality Cycling Exergame}},
 booktitle = {CHI '14 Extended Abstracts on Human Factors in Computing Systems},
 series = {CHI EA '14},
 year = {2014},
 location = {Ontario, Canada},
 pages = {475--478},
 numpages = {4},
 publisher = {ACM}
} 


@INPROCEEDINGS{7136687, 
author={N. F. Kleven and E. Prasolova-Førland and M. Fominykh and A. Hansen and G. Rasmussen and L. M. Sagberg and F. Lindseth}, 
booktitle={2014 International Conference on Virtual Systems Multimedia (VSMM)}, 
title={{Training Nurses and Educating the Public using a Virtual Operating Room with Oculus Rift}}, 
year={2014}, 
pages={206-213},
month={Diciembre}
}

@inproceedings{Juanes,
 author = {Juanes, Juan A. and G\'{o}mez, Juan J. and Peguero, Pedro D. and Lag\'{a}ndara, Juan G. and Ruisoto, Pablo},
 title = {{Analysis of the Oculus Rift Device As a Technological Resource in Medical Training Through Clinical Practice}},
 booktitle = {Proceedings of the 3rd International Conference on Technological Ecosystems for Enhancing Multiculturality},
 year = {2015},
 location = {Porto, Portugal},
 pages = {19--23},
 numpages = {5},
} 


@article{XU2015721,
title = {{The Accuracy of the Oculus Rift Virtual Reality Head-mounted Display During Cervical Spine Mobility Measurement}},
journal = "Journal of Biomechanics",
volume = "48",
number = "4",
pages = "721 - 724",
year = "2015",
author = "Xu Xu and Karen B. Chen and Jia-Hua Lin and Robert G. Radwin",
}

@Inbook{Plass-OudeBos2010,
author="Plass-Oude Bos, Danny
and Reuderink, Boris
and van de Laar, Bram
and G{\"u}rk{\"o}k, Hayrettin
and M{\"u}hl, Christian
and Poel, Mannes
and Nijholt, Anton
and Heylen, Dirk",
editor="Tan, Desney S.
and Nijholt, Anton",
title={{Brain-Computer Interfacing and Games}},
bookTitle="Brain-Computer Interfaces: Applying our Minds to Human-Computer Interaction",
year="2010",
publisher="Springer London",
address="London",
pages="149--178"
}

@book{Michael:2005:SGG:1051239,
 author = {Michael, David R. and Chen, Sandra L.},
 title = {{Serious Games: Games That Educate, Train, and Inform}},
 year = {2005},
 publisher = {Muska \& Lipman/Premier-Trade},
} 

@article{Mitchell,
 author = {Just, Mitchell and Stirling, David and Ros, Montserrat and Naghdy, Fazel and Stapley, Paul},
  title = {{A Comparison of Upper Limb Movement Profiles when Reaching to Virtual and Real Targets using the Oculus Rift: Implications for Virtual-reality Enhanced Stroke Rehabilitation}},
  journal={Journal of Pain Management},
 year = {2016},
 vol = {9},
 issue={3},
 pages = {277-281},
} 

@ARTICLE{LECUYER, 
author={A. Lécuyer and F. Lotte and R. B. Reilly and R. Leeb and M. Hirose and M. Slater}, 
journal={Computer}, 
title={{Brain-Computer Interfaces, Virtual Reality, and Videogames}}, 
year={2008}, 
volume={41}, 
number={10}, 
pages={66-72},
month={Octubre}
}

@ARTICLE{VR1, 
author={A. van Dam and A.S. Forsberg and D.H. Laidlaw and J.J. LaViola and R.M. Simpson}, 
journal={IEEE Computer Graphics and Applications}, 
title={{Immersive VR for Scientific Visualization: a Progress Report}}, 
year={2000}, 
volume={20}, 
number={6}, 
pages={26-52}, 
month={Noviembre}
}

@article{0560,
  author = {Just, Mm and Stapley, Pp and Ros, Mm and Naghdy, Ff and Stirling, Dd},
  title = {{A comparison of upper limb movement profiles when reaching to virtual and real targets using the Oculus Rift: implications for virtual-reality enhanced stroke rehabilitation}},
  publisher = {Unpublished},
  year = {2014}
}

@ARTICLE{Hunter1, 
author={Hoffman, Hunter and Meyer, Walter and Ramirez, Maribel and Roberts, Linda and Seibel, Eric and Barbara, Atzori and Sharar, Sam and David, Patterson}, 
journal={Cyberpsychology, Behavior, and Social Networking}, 
title={{Feasibility of Articulated Arm Mounted Oculus Rift Virtual Reality Goggles for Adjunctive Pain Control During Occupational Therapy in Pediatric Burn Patients}}, 
year={2004}, 
volume={17}, 
issue={6}, 
pages={397-401}, 
month={Junio}
}


@ARTICLE{David1, 
author={Rose, David and Brooks, Barbara and Rizzo, Albert}, 
journal={CyberPsychology \& Behavior}, 
title={{Virtual Reality in Brain Damage Rehabilitation: Review}}, 
year={2005}, 
volume={8}, 
number={3}, 
pages={241-262}, 
month={Junio}
}

@ARTICLE{VIRTUAL1, 
author={A. Lécuyer and F. Lotte and R. B. Reilly and R. Leeb and M. Hirose and M. Slater}, 
journal={Computer}, 
title={{Brain-Computer Interfaces, Virtual Reality, and Videogames}},
year={2008}, 
volume={41}, 
number={10}, 
pages={66-72}, 
month={Octubre}
}

@article{WORKS2,
author = {Jennifer A. McCabe and Thomas S. Redick and Randall W. Engle},
title = {{Brain-Training Pessimism, but Applied-Memory Optimism}},
journal = {Psychological Science in the Public Interest},
volume = {17},
number = {3},
pages = {187-191},
year = {2016}
}

@article{WORKS3,
author = {Fitzgerald, Susan},
title = {{Is Successful Brain Training Fake News?: Neurologists Parse Out the Messaging for Patients}},
journal = {Neurology Today},
volume = {17},
issue = {7},
pages = {8-18},
year = {2017}
}

@article{NEU2,
    author = {Ballard, Dustin},
 title = {{Improve Brain Health with Neurobics}},
 journal = {Emergency Medicine News},
 year = {2010},
 volume={32},
 issue={12}
 }
 
 @inproceedings{NEU1,
    author = {Gordon, Jill},
 title = {{In Corpore Sano: Health and Humanities}},
 booktitle = {Proceedings of the Australian Academy of the Humanities Symposium},
 year = {2005},
 address ={Canberra, Australia},
 month={Noviembre},
 pages= {75-81}
 }