@Article{EGGLI98,
  author = 	 {Eggli S. and
  						Pisan M. and
  						Muller M.E.},
  title = 	 {The value of preoperative planning for total hip 
  						arthroplasty},
  journal = 	 {The Journal of Bone {\&} Joint Surgery (Br)},
  year = 	 {1998},
  volume =	 {9},
  pages = 	 {382--390}
}

@Article{HUANG07,
  author = 	 {Huang H.K. and
  						Doi K.},
  title = 	 {Computer-aided diagnosis ({CAD}) and image-guided decision 
  						support},
  journal =  {Computerized Medical Imaging and Graphics},
  year = 	 {2007},
  volume =	 {31},
  pages = 	 {195--197}
}

@Article{HARA85,
  author = 	 {Haralick R.M. and
							Shapiro L.G.},
  title = 	 {Image Segmentation Techniques},
  journal =  {Computer Vision, Graphics, and Image Processing},
  year = 	 {1985},
  volume =	 {29},
  number = {1},
  pages = 	 {100--132}
}

@Article{PAL93,
  author = 	 {Pal N.R. and
  						Pal S.K.},
  title = 	 {A Review on Image Segmentation Techniques},
  journal =  {Pattern Recognition},
  year = 	 {1993},
  volume =	 {26},
  number = {9},
  pages = 	 {1277--1294}
}

@InProceedings{BOUR02,
  author    = {Bourquain H. and
               Schenk A. and
               Link F. and
               Preim B. and
               Prause G. and
               Peitgen H.-O.},
  title     = {HepaVision2{-}A software assistant for preoperative
               planning in living-related liver transplantation and
               oncologic liver surgery},
  booktitle = {CARS},
  year      = {2002},
  pages     = {341--346},
}

@Misc{REF_DICOM,
	howpublished = {DICOM, Digital Imaging and Communications in Medicine},
	type = {web page},
	url = {http://dicom.nema.org/},
	publisher = {Medical Imaging {\&} Technology Alliance},
}

@Misc{REF_NOVA,
	howpublished = {NovaRAD},
	type = {web page},
	url = {http://www.novapacs.com/},
	publisher = {NovaRad Corporation},
}

@Misc{REF_SECTRA,
	howpublished = {Sectra Pre-operative Planning Solution},
	type = {web page},
	url = {http://www.sectra.com/medical/ortho/},
	publisher = {Sectra Corporation},
}

@Misc{REF_AO,
	howpublished = {AO Foundation},
	type = {web page},
	url = {http://www.aofoundation.org},
}


@Misc{REF_TRAUMA,
	howpublished = {TraumaCAD},
	type = {web page},
	url = {http://www.orthocrat.com/},
	publisher = {OrthoCrat Ltd.},
}

@inproceedings{TOCKUS98,
	author = {Tockus L. and
						Joskowicz L. and
						Simkin A. and
						Milgrom C.},
 title = {Computer-Aided Image-Guided Bone Fracture Surgery: Modeling, Visualization, and Preoperative Planning},
 booktitle = {{MICCAI} '98: Proceedings of the First International Conference on Medical Image Computing and Computer-Assisted Intervention},
 year = {1998},
 isbn = {3-540-65136-5},
 pages = {29--38},
 publisher = {Springer-Verlag},
 address = {Londres, Reino Unido},
 }

@Article{NAKA24,
	author = {Nakajima Y. and
						Tashiro T.  and
						Okada T.  and
						Sato Y.  and
						Sugano N.  and 
						Saito M.  and
						Yonenobu K.  and 
						Yoshikawa H.  and
						Ochi T.  and
						Tamura S. },
	booktitle = {CARS 2004 - Computer Assisted Radiology and Surgery. Proceedings of the {$18^th$} International Congress and Exhibition},
	journal = {International Congress Series},
	month = {Junio},
	pages = {620--625},
	posted-at = {2008-01-29 15:15:49},
	priority = {2},
	title = {Computer-assisted fracture reduction of proximal femur using preoperative {CT} data and intraoperative fluoroscopic images},
	volume = {1268},
	year = {2004}
}

@BOOK{UMB05,
   author = {Umbaugh S.E.},
   title= {Computer Imaging: Digital Image Analysis and Processing},
   publisher = {Taylor \& Francis},
   year = {2005},
   pages = {121--199}
   }


@Article{SALT63,
	author = {Salter R. and
						Harris W.},
	journal = {Journal of Bone and Joint Surgery},
	pages = {587--632},
	title = {Injuries involving the epiphyseal plate},
	volume = {45},
	year = {1963}
}

@Article{GUST76,
	author = {Gustilo R. and
						Anderson J.},
	journal = {Journal of Bone and Joint Surgery},
	pages = {453--458},
	title = {Prevention of infection in the treatment of one thousand and twenty-five open fractures of long bones: retrospective and prospective analyses},
	volume = {58},
	numer = {4},
	year = {1976}
}

@Article{BOH97,
	author = {Bohner P. and
						Holler C. and
						Hassfeld S.},
	journal = {Computer Aided Surgery},
	pages = {153--161},
	title = {Operation planning in craniomaxillofacial surgery},
	volume = {2},
	year = {1997}
}

@InProceedings{AMIT96,
  author = {Amit Y. and
  					Kong A.},
  title     = {Graphical template for model registration},
  booktitle = {Transaction on Pattern Analysis and Machine Intelligence},
  year      = {1996},
  volume     = {18},
}

@Article{PIZ98,
	author = {Pizer S.M. and
						Eberly D.H. and
						Morse B.S. and
						Fritsch D.S.},
	journal = {Computer Vision Image Understanding},
	pages = {55--71},
	title = {Zoom invariant vision of figural shape: The mathematics of cores},
	year = {1998}
}

@InProceedings{PIZ99,
  author = {Pizer S.M. and
  					Fritsch D. and
  					Yushkevich P.A. and
  					Johnson V.E. and 
  					Chaney E.L.},
  title     = {Segmentation, registration and measurement of shape variation via image object shape},
  booktitle = {IEEE Transactions on Medical Imaging},
  year      = {1999},
  month     = {Oct},
}

@Article{BRAN99,
  author    = {Brandt G. and
               Zimolong A. and
               Carrat L. and
               Merloz P. and
               Staudte H.-W. and
               Lavall{\'e}e S. and
               Radermacher K. and
               Rau G.},
  title     = {{CRIGOS}: a compact robot for image-guided orthopedic surgery},
  journal   = {IEEE Transactions on Information Technology in Biomedicine},
  	month = {Junio},
  volume    = {3},
  number    = {4},
  year      = {1999},
  pages     = {252-260},
  bibsource = {DBLP, http://dblp.uni-trier.de}
}

@Article{LANG98,
  author = 	 {Langlotz F. and
  						B{\"a}chler R. and
  						Berlemann U. and
  						Nolte L.-P. and 
  						Ganz R.},
  title = 	 {Computer assistance for pelvic osteotomies},
  journal = {Clinical orthopaedics and related research},
  year = 	 {1998},
  volume =	 {354},
  pages = 	 {92--102}
}

@Article{RADE98,
  author = 	 {Radermacher K. and
  						Portheine F. and
  						Anton M. and
  						Zimolong A. and
  						Kaspers G. and
  						Rau G. and
  						Staudte HW},
  title = 	 {Computer assisted orthopaedic surgery with image based individual templates},
  journal = {Clinical orthopaedics and related research},
  month = {Septiembre},
  year = 	 {1998},
  number =	{354},
  pages = 	 {28--38}
}

@Article{MART00,
  author = 	 {Martelli M. and
  						Marcacci M. and
  						Nofrini L. and
  						La Palombara F. and
  						Malvisi A. and
  						Iacono F. and
  						Vendruscolo P. and
  						Pierantoni M.},
  title = 	 {Computer and Robot Assisted Total Knee Replacement: Analysis of a New Surgical Procedure},
  journal = {Annals of Biomedical Engineering},
  month = {Septiembre},
  year = 	 {2000},
  number =	 {9},
  volume = {28},
  pages = 	 {1146--1153}
}

@Article{DIGI98,
  author = 	 {DiGioia M. and
  						Jaramaz B. and
  						Blackwell M. and 
  						Simon D.A. and
  						Morgan F. and
  						Moody J.E. and
  						Nikou C. and
  						Colgan B.D. and
  						Aston C.A. and
  						Labarca R.S. and
  						Kischell E. and
  						Kanade T.},
  title = 	 {Image guided navigation system to measure intraoperatively acetabular implant alignment},
  journal = {Clinical orthopaedics and related research},
  year = 	 {1998},
  volume = {355},
  pages = 	 {8--22}
}

@Article{OTOO95,
  author = 	 {O{'}Toole R.V. and
  						Jaramaz B. and
  						Di Gioia A.M. and
  						Visnic C.D. and
  						Reid R.H.},
  title = 	 {Biomechanics For Preoperative Planning And Surgical Simulations In Orthopaedics},
  journal = {Computers in Biology and Medicine},
  year = 	 {1995},
  volume = {25},
  number = {1},
  pages = 	 {183--191}
}

@article{BENE03,
  author    = {Benedetti M.G. and
               Montanari E. and
               Catani F. and
               Vicenzi G. and
               Leardini A.},
  title     = {Pre-operative planning and gait analysis of total hip replacement
               following hip fusion},
  journal   = {Computer Methods and Programs in Biomedicine},
  volume    = {70},
  number    = {3},
  year      = {2003},
  pages     = {215-221},
  ee        = {http://dx.doi.org/10.1016/S0169-2607(02)00024-X},
  bibsource = {DBLP, http://dblp.uni-trier.de}
}

@article{BLYT06,
  author    = {Blyth P. and
  						Anderson I.A. and
  						Stott N.S.},
  title     = {Virtual reality simulators in orthopedic surgery : What do the surgeons think?},
  journal   = {The Journal of surgical research},
  volume    = {131},
  number    = {1},
  year      = {2006},
  pages     = {133--137},
}

@inproceedings{MORT95,
	author = {Mortensen E.N. and
						Barrett W.A.},
 title = {Intelligent scissors for image composition},
 booktitle = {SIGGRAPH '95: Proceedings of the 22nd annual conference on Computer graphics and interactive techniques},
 year = {1995},
 pages = {191--198},
 publisher = {ACM},
 address = {New York, NY, USA},
 }
 
@Article{DOI07,
  author    = {Doi K.},
  title     = {Computer-aided diagnosis in medical imaging: Historical review, current status and future potential},
  journal   = {Computerized Medical Imaging and Graphics},
  volume    = {31},
	number = {4--5},
  year      = {2007},
  pages     = {198--211},
}

@Book{SCHA98,
  author =	 {Schatzker J.},
  title = 	 {Tratamiento Quir\'{u}rgico de las fracturas},
  publisher = 	 {Panamericana},
  year = 	 {1998},
  address =	 {Buenos Aires, Argentina}
}

@Book{MULL98,
  author =	 {Muller M.E. and
  						Nazarian S. and
  						Kocj P. and
  						Schatzker J.},
  title = 	 {The comprehensive classification of fractures of long bones},
  publisher = 	 {Springer-Verlag},
  year = 	 {1990},
  address =	 {Berl\'{i}n, Alemania}
}

@TechReport{GIGE00,
  author = 	 {Giger M.L.},
  title = 	 {Computer-aided Diagnosis in Medical Imaging - {A} New Era in Image Interpretation},
  institution =  {The College University of Chicago},
  year = 	 {2000},
  address =	 {Chicago},
  month =	 {Enero}
}

@TechReport{PHAM98,
  author = 	 {Pham D.L. and
  						Xu C. and
  						Prince J.L.},
  title = 	 {A Survey of Current Methods In Medical Image Segmentation},
  institution =  {Johns Hopkins University},
  year = 	 {1998},
  address =	 {Baltimore},
  month =	 {Enero}
}

@Book{RUEDI03,
  author =	 {R\"{u}edi T. P. and
  						William M. M.},
  title = 	 {Principios de la {AO} en el tratamiento de las Fracturas},
  publisher = 	 {Masson},
  year = 	 2003,
   pages     = {866--868},
  address =	 {Barcelona, Espa\~{n}a}
}

@MISC{website:navarro,
      AUTHOR = {Navarro T.},
      TITLE = {Generalidades de la valoraci\'on Fisioterapica y Ortop\'edica},
      url = {http://www.efisioterapia.net/articulos/accesible.php?id=267}
}

@Book{HOLD03,
  author =	 {Holdsworth B.},
  title = 	 {Planning in fracture surgery},
  publisher = 	 {Bunker TD},
  year = 	 2002,
  address =	 {Londres, UK}
}

@Book{MAST89,
  author =	 {Mast J. and
  					  Jakob R. and
  					  Ganz R},
  title = 	 {Planning and Reduction Technique in Fracture Surgery},
  publisher = 	 {Springer-Verlag},
  year = 	 1989,
  address =	 {Berl\'{i}n, Alemania}
}

@Book{HOLL90,
  author =	 {Hollins M},
  title = 	 {Medical physics},
  publisher = 	 {Nelson Thornes},
  year = 	 1990,
  address =	 {Basingstoke, Inglaterra}
}

@MISC{website:ruedi,
      AUTHOR = {R\"{u}edi T. P. and
      					Buckley R. E. and 
      					Moran C.},
      TITLE = {{AO} Principles of Fracture Management},
			publisher = {AO Foundation Publishing},
      url = {http://www.aopublishing.org/}
}

@InBook{TIAN03,
  author =	 {Tian T. P. and
  						Chen Y. and
  						Leow W. K. and
  						Hsu W. and
  						Howe T. S. and
  						Png M. A.},
  title = 	 {Computer Analysis of Images and Patterns},
  publisher = {Springer Berlin / Heidelberg},
  year = 	 {2003},
  pages = {82--89},
  key ={Computing neck-shaft angle of femur for x-ray fracture detection},
}

@article{CANNY86,
 author = {Canny J.},
 title = {A computational approach to edge detection},
 journal = {IEEE Transactions on Pattern Analysis and Machine Intelligence},
 volume = {8},
 number = {6},
 year = {1986},
 issn = {0162-8828},
 pages = {679--698},
 publisher = {IEEE Computer Society},
 address = {Washington, DC, USA},
 }

@article{DUDA72,
 author = {Duda R.O. and 
 					Hart P.E.},
 title = {Use of the Hough transformation to detect lines and curves in pictures},
 journal = {Communications of the ACM},
 volume = {15},
 number = {1},
 year = {1972},
 issn = {0001-0782},
 pages = {11--15},
 doi = {http://doi.acm.org/10.1145/361237.361242},
 publisher = {ACM},
 address = {New York, NY, USA},
 }

@article{KASS88,
	author = {Kass M. and 
						Witkin A. and 
						Terzopoulos D.},
	citeulike-article-id = {893626},
	doi = {http://dx.doi.org/10.1007/BF00133570},
	journal = {International Journal of Computer Vision},
	keywords = {active-contours},
	month = {Enero},
	number = {4},
	pages = {321--331},
	posted-at = {2007-11-01 16:04:40},
	priority = {2},
	title = {Snakes: Active contour models},
	url = {http://dx.doi.org/10.1007/BF00133570},
	volume = {V1},
	year = {1988}
}

@article{TER87,
	author = {Terzopoulos D. and
						Platt J. and
						Barr A. and
						Fleischer K.},
	journal = {Computer Graphics},
	number = {4},
	title = {Elastically deformable models},
	pages = {205--214},
	volume = {21},
	year = {1987}
}

@article{TER88,
	author = {Terzopoulos D. and
						Witkin A. and
						Kass M.},
	journal = {Artificial Intelligence},
	title = {Constraints on deformable models: recovering 3D shape and nonrigid motion},
	pages = {91--123},
	volume = {36},
	year = {1988}
}

@article {YUI92,
	author = {Yuille A.L. and
					Hallinan P.W. and
					Cohen D.S.},
	journal = {International Journal of Computer Vision},
	title = {Feature extraction from faces using deformable templates},
	pages = {99--111},
	volume = {8},
	year = {1992}
}

@misc{COOT99,
	author = {Cootes T. and
						Taylor C.J.},
	title = {Statistical models of appearance for computer vision},
	howpublished = {Draft Report, http://www.wiau.man.ac.uk},
	year = {1999}
}

@article{COOT94,
	author = {Cootes T. and
						Hill A. and
						Taylor C.J. and
						Haslam J.},
	title = {Use of active shape models for locating structres in medical images},
	journal ={Image Vision Computing},
	volume = {12},
	year = {1994},
	pages = {355--365},
}

@article{YAP04,
	author = {Yap D. W-H. and
					 	Chen Y. and
					 	Leow W.K. and
					 	Howe T.S. and
					 	Png M.A.},
	title = {Detecting Femur Fractures by Texture Analysis of Trabeculae},
	journal ={International Conference on Pattern Recognition},
	volume = {3},
	year = {2004},
	issn = {1051-4651},
	pages = {730--733},
	doi = {http://doi.ieeecomputersociety.org/10.1109/ICPR.2004.1334632},
	publisher = {IEEE Computer Society},
	address = {Los Alamitos, CA, USA},
}

@INPROCEEDINGS{LIM04,
    author = {Lim S.E. and 
    					Xing Y. and
    					Chen Y. and
    					Leow W.K. and
    					Howe T.S. and
    					Png M.A.},
    title = {Detection of femur and radius fractures in X-ray images},
    booktitle = {Proceedings on 2nd Interantional Conference on Advances in Medical Signal and Information Processing},
    year = {2004}
}

@article{AKDE05,
 author = {Akdeniz R. and
 					Yarman A.},
 title = {A novel method to represent speech signals},
 journal = {Signal Processing},
 volume = {85},
 number = {1},
 year = {2005},
 issn = {0165-1684},
 pages = {37--50},
 doi = {http://dx.doi.org/10.1016/j.sigpro.2004.08.012},
 publisher = {Elsevier North-Holland, Inc.},
 address = {Amsterdam, Holanda},
 }

@inproceedings{SU99,
	author = {Su L. and 
						Sharp B. and
						Davis D.},
	title = {Neural Networks for {X}-ray image segmentation},
	month = {March},
	year = {1999},
	pages = {264-271},
	keywords = {Neural Network, Image processing},
	note = {},
	url = {http://www.cs.kent.ac.uk/pubs/1999/2312},
	publication_type = {inproceedings},
	submission_id = {25298_1134052594},
	other_year = {1999},
	ISBN = {972-98050-0-8},
	booktitle = {Proceedings of First International Conference on Enterprise Information System},
	address = {Setubal, Portugal},
} 

@article{MIHA01,
 author = {Mihalko, W. M. and
 					Kenneth, A. K.},
 title = {Preoperative Planning for Lower Extremity Osteotomies},
 journal = {The Journal of Arthroplasty},
 volume = {16},
 number = {3},
 year = {2001},
 pages = {322--329},
 publisher = {Elsevier North-Holland, Inc.},
 address = {Amsterdam, Holanda},
 }

@article{VICE03,
 author = {Viceconti, M. and
 					 Lattanzi, R. and
 					 Antonietti, B. and
 					 Paderni, S. and
 					 Olmi, R. and
 					 Sudanese, A. and
 					 Toni, A},
 title = {CT-based surgical planning software improves the accuracy of total hip replacement preoperative planning},
 journal = {Medical Engineering \& Physics},
 volume = {25},
	publisher = {Elsevier Science, Oxford, ROYAUME-UNI},
 number = {5},
 year = {2003},
 pages = {371--377},
 }
 
 @article{INCH00,
 author = {Inchingolo P.},
 title = {Picture Archiving and Communications Systems in Today's Healthcare},
 journal = {The World Medical Journal},
 year = {2000},
 pages = {93--97},
 }

@Book{WEBS06,
  author =	 {Webster John G.},
  title = 	 {Encyclopedia of Medical Devices and Instrumentation},
  publisher = {John Wiley \& Sons, Inc.},
  edition = {2nd},
  volume = {6},
  year = 	 2006,
  address =	 {New Jersey, USA}
}

@inproceedings{BEIER92,
 author = {Beier T. and 
 					 Neely S.},
 title = {Feature-based image metamorphosis},
 booktitle = {SIGGRAPH '92: Proceedings of the 19th annual conference on Computer graphics and interactive techniques},
 year = {1992},
 isbn = {0-89791-479-1},
 pages = {35--42},
 doi = {http://doi.acm.org/10.1145/133994.134003},
 publisher = {ACM},
 address = {New York, NY, USA},
 }

@inproceedings{BIRK03,
 author = {Birkholz H. and 
 					 Jack\`{e}l D.},
 title = {Image warping with feature curves},
 booktitle = {SCCG '03: Proceedings of the 19th spring conference on Computer graphics},
 year = {2003},
 isbn = {1-58113-861-X},
 pages = {199--202},
 location = {Budmerice, Slovakia},
 doi = {http://doi.acm.org/10.1145/984952.984985},
 publisher = {ACM},
 address = {New York, NY, USA},
}

@Book{MEH02,
  author =	 {Mehta A.},
  title = 	 {The Internet for Radiology Practice},
  publisher = {Springer-Verlag},
  edition = {1st},
  year = 	 {2002},
}

@ARTICLE{ZITO03,
    author = {Zitov\'{a} B. and 
    					Flusser J.},
    title = {Image registration methods: a survey},
    journal = {Image and Vision Computing},
    year = {2003},
    volume = {21},
    pages = {977--1000}
}


%%%%%%%%%%%%%%%%%%%%%%%%%%%%%%%%%%%%%%%%%%%%%%%%%%%%%%%%%%%%%%%%%%%%
%%%%%%%%%%%%%%%%%%%%%%%%%%%%%%%%%%%%%%%%%%%%%%%%%%%%%%%%%%%%%%%%%%%%
%%%%%%%%%%%%%%%%%%%%%%%%%%%%%%%%%%%%%%%%%%%%%%%%%%%%%%%%%%%%%%%%%%%%
	%las que estaban aqui, las dejo aqui

@InProceedings{Cook1971,
  author = 	 {S. Cook},
  title = 	 {The complexity of theorem-proving procedures},
  booktitle =	 {Proceedings of the 3rd ACM Symposium on Theory of Computing},
  pages =	 {151--158},
  year =	 1971,
  address =	 {Shaker Heights, Ohio}
}


@Book{Garey1979,
  author =	 {M. R. Garey and D. S. Johnson},
  title = 	 {Computers and Intractability: A Guide to the Theory of
{\rm NP}-Completeness},
  publisher = 	 {W. H. Freeman},
  year = 	 1979,
  address =	 {San Francisco}
}

@InProceedings{Karp1972,
  author = 	 {R. Karp},
  title = 	 {Reducibility among combinatorial problems},
  booktitle =	 {Complexity of Computer Computations},
  pages =	 {85--103},
  publisher =	 {Plenum Press},
  year =	 1972,
  editor =	 {R. Miller and J. Thatcher},
  address =	 {New York}
}

@Book{Kearfott1996,
  author =	 {R. B. Kearfott and V. Kreinovich (eds.)},
  title = 	 {Applications of Interval Computations},
  publisher = 	 {Kluwer Academic Publishers},
  year = 	 1996,
  address =	 {Norwell, MA}
}

@Article{Kreinovich1993,
  author = 	 {V. Kreinovich and A. V. Lakeyev and S. I. Noskov},
  title = 	 {Optimal solution of interval linear systems is intractable ({NP}-hard)},
  journal = 	 {Interval Computations},
  year = 	 {1993},
  volume =	 {1},
  pages = 	 {6--14}
}


@InProceedings{Kreinovich1996a,
  author = 	 {V. Kreinovich and A. V. Lakeyev and J. Rohn},
  title = 	 {Computational complexity of interval algebraic problems:
                  some are feasible and some are computationally intractable: a survey},
  booktitle =	 {Scientific Computing and Validated Numberics},
  pages =	 {293--306},
  year =	 1996,
  editor =	 {G. Alefeld and A. Frommer},
  publisher =	 {Akademie-Verlag},
  address =	 {Berlin}
}

@Book{Kreinovich1996b,
  author =	 {V. Kreinovich and A. V. Lakeyev and J. Rohn and P. Kahl},
  title = 	 {Feasible? Intractable? On Computational Complexity of Data Processing},
  publisher = 	 {Kluwer Academic Publishers},
  year = 	 1996,
  address =	 {Norwell, MA},
  note =	 {(to appear)}
}

@Book{Kulisch1981,
  author =	 {U. Kulisch and W. L. Miranker},
  title = 	 {Computer Arithmetic in Theory and Practice},
  publisher = 	 {Academic Press},
  year = 	 1981,
  address =	 {NY}
}

@Article{Lakeyev1995,
  author = 	 {A. V. Lakeyev and V. Kreinovich},
  title = 	 {If input intervals are small enough, then interval computations
                  are almost always easy},
  journal = 	 {Reliable Computing,
                  {\rm Supplement (Extended Abstracts of APIC'95:
                   International Workshop on Applications of Interval
                   Computations)}},
  year = 	 1995,
  pages =	 {134--139}
}

@Article{Levin1973,
  author = 	 {L. Levin},
  title = 	 {Universal sequential search problems},
  journal = 	 {Problems of Information Transmission},
  year = 	 1973,
  volume =	 9,
  number =	 3,
  pages =	 {265--266}
}

@TechReport{Moore1959,
  author = 	 {R. E. Moore},
  title = 	 {Automatic error analysis in digital computation},
  institution =  {Lockheed Missiles and Space Co.},
  year = 	 1959,
  number =	 {LMSD-48421},
  address =	 {Palo Alto, CA},
  month =	 {January}
}

@Book{Moore1966,
  author =	 {R. E. Moore},
  title = 	 {Interval Analysis},
  publisher = 	 {Prentice Hall},
  year = 	 1966,
  address =	 {Englewood Cliffs, NJ}
}

@Book{Neumaier1990,
  author =	 {A. Neumaier},
  title = 	 {Interval Methods for Systems of Equations},
  publisher = 	 {Cambridge University Press},
  year = 	 1990,
  address =	 {Cambridge}
}

@Book{Rabinovich1995,
  author =	 {S. G. Rabinovich},
  title = 	 {Measurement Errors: Theory and Practice},
  publisher = 	 {American Institute of Physics},
  year = 	 1995,
  address =	 {NY}
}

