@MASTERSTHESIS{Navarro,
	AUTHOR       = "H. Navarro",
	TITLE        = "Implementaci\'on y evaluaci\'on comparativa de m\'etodos de detecci\'on de colisiones para un ambiente de Realidad Virtual Inmersiva",
	SCHOOL       = "Universidad Central de Venezuela",
	YEAR         = "2005"
}

@PHDTHESIS{OBBTesis,
	AUTHOR       = "S. Gottschalk",
	TITLE        = "Collision Queries using Oriented Bounding Boxes",
	SCHOOL       = "University of North Carolina at Chapel Hill",
	YEAR         = "2000"
}
@BOOK(Back1996,
    AUTHOR = {Back, Thomas},
    TITLE = {Evolutionary Algorithms in Theory and Practice},
    PUBLISHER = {Oxford University Press},
    YEAR = {1996} )

@BOOK(Goldberg1989,
    AUTHOR = {Goldberg, Thomas},
    TITLE = {Genetic Algorithm in Search, Optimization and Machine Learning},
    PUBLISHER = {Addison-Wesley},
    YEAR = {1989} )

@INPROCEEDINGS{Gottschalk96obb,
    author = {S. Gottschalk and M. C. Lin and D. Manocha},
    title = {Obb-tree: A hierarchical structure for rapid interference detection},
    booktitle = {SIGGRAPH},
    year = {1996},
    pages = {171--180}
}

@MISC{Sarma_c2.7generation,
    author = {Jayshree Sarma and Kenneth De Jong},
    title = {C2.7 Generation gap methods},
    year = {}
}

@MISC{BUNNY,
    author = {Stanford Computer Graphics Laboratory},
    title = {The Stanford 3D Scanning Repository http://graphics.stanford.edu/data/3Dscanrep/},
    url = {http://graphics.stanford.edu/data/3Dscanrep/}
}


@BOOK{GGII,
 author = {James Arvo},
 title = {Graphics Gems II},
 year = {1991},
 isbn = {0120644819},
 publisher = {Morgan Kaufmann Publishers Inc.},
 address = {San Francisco, CA, USA},
 }

@article{COLL1,
 author = {Jonas Spillmann and Markus Becker and Matthias Teschner},
 title = {Efficient updates of bounding sphere hierarchies for geometrically deformable models},
 journal = {J. Vis. Comun. Image Represent.},
 volume = {18},
 number = {2},
 year = {2007},
 issn = {1047-3203},
 pages = {101--108},
 doi = {http://dx.doi.org/10.1016/j.jvcir.2007.01.001},
 publisher = {Academic Press, Inc.},
 address = {Orlando, FL, USA},
 }

@inproceedings{COLL2,
 author = {Stephane Redon and Young J. Kim and Ming C. Lin and Dinesh Manocha},
 title = {Fast continuous collision detection for articulated models},
 booktitle = {SM '04: Proceedings of the ninth ACM symposium on Solid modeling and applications},
 year = {2004},
 isbn = {3-905673-55-X},
 pages = {145--156},
 location = {Genoa, Italy},
 publisher = {Eurographics Association},
 address = {Aire-la-Ville, Switzerland, Switzerland},
 }

@inproceedings{COLL3,
 author = {Arthur Gregory and Ming C. Lin and Stefan Gottschalk and Russell Taylor},
 title = {A Framework for Fast and Accurate Collision Detection for Haptic Interaction},
 booktitle = {VR '99: Proceedings of the IEEE Virtual Reality},
 year = {1999},
 isbn = {0-7695-0093-5},
 pages = {38},
 publisher = {IEEE Computer Society},
 address = {Washington, DC, USA},
 }
 
@inproceedings{COLL4,
 author = {Bed\v{r}ich Bene\v{s} and Nestor Gom\'{e}z Villanueva},
 title = {GI-COLLIDE: collision detection with geometry images},
 booktitle = {SCCG '05: Proceedings of the 21st spring conference on Computer graphics},
 year = {2005},
 isbn = {1-59593-203-6},
 pages = {95--102},
 location = {Budmerice, Slovakia},
 doi = {http://doi.acm.org/10.1145/1090122.1090139},
 publisher = {ACM},
 address = {New York, NY, USA},
 }
 
 @ARTICLE{AABBTREE,
    author = {Gino Van and Den Bergen},
    title = {Efficient collision detection of complex deformable models using aabb trees},
    journal = {J. Graphics Tools},
    year = {1997},
    volume = {2}
}

@inproceedings{TREE,
 author = {Gabriel Zachmann},
 title = {Minimal hierarchical collision detection},
 booktitle = {VRST '02: Proceedings of the ACM symposium on Virtual reality software and technology},
 year = {2002},
 isbn = {1-58113-530-0},
 pages = {121--128},
 location = {Hong Kong, China},
 doi = {http://doi.acm.org/10.1145/585740.585761},
 publisher = {ACM},
 address = {New York, NY, USA},
 }

@TechReport{NASA,
  author = 	 {David Hoag},
  title = 	 {Apollo guidance and navigation considerations of apollo imu gimbal lock},
  institution =  {Massachusetts Institute of Technology },
  year = 	 {1963},}

@book{GA+DS=EP,
 author = {Zbigniew Michalewicz},
 title = {Genetic algorithms + data structures = evolution programs (2nd, extended ed.)},
 year = {1994},
 isbn = {3-540-58090-5},
 publisher = {Springer-Verlag New York, Inc.},
 address = {New York, NY, USA},
 }
