%listo
@inproceedings{Arvo86,
    author = {James Arvo},
    title = {Backward ray tracing},
    booktitle = {ACM SIGGRAPH '86 Course Notes - Developments in Ray Tracing},
    year = {1986},
    pages = {259-263}
}

%listo
@inproceedings{CHLXJ08,
    author = {Hao Chen and Xinguo Liu},
    title = {Lighting and material in {H}alo 3},
    booktitle = {SIGGRAPH '08 ACM SIGGRAPH 2008 classes},
    publisher = {ACM},
    year = {2008},
    pages = {1-22}
}

%listo
@article{Crane07,
    author = {Keenan Crane and Ignacio Llamas and Sarah Tariq},
    title = {Real-time simulation and rendering of 3D fluids},
    journal = {GPU Gems 3: Programming Techniques for High-Performance Graphics and General-Purpose Computation},
    publisher = {Addison-Wesley Professional},
    pages = {633-675},
    chapter = {30},
    year = {2007}
}

%listo
@article {Crassin11,
   author = {Cyril Crassin and Fabrice Neyret and Miguel Sainz and Simon Green and Elmar Eisemann},
   title = {Interactive indirect illumination using voxel cone tracing},
   journal = {Pacific Graphics 2011},
   publisher = {The Eurographics Association and Blackwell Publishing Ltd.},
   volume = {30},
   issue = {7},
   year = {2011}
}

%listo
@article {MC85,
   author = {Michael Cohen and Donald Greenberg},
   title = {The hemi-cube: a radiosity solution for complex environments},
   journal = {ACM SIGGRAPH Computer Graphics},
   publisher = {ACM},
   pages = {31-40},
   volume = {19},
   month = {Jul},
   issue = {3},
   year = {1985}
}

%listo
@article {MC88,
   author = {Michael Cohen and Shenchang Eric Chen and John Wallace and Donald Greenberg},
   title = {A progressive refinement approach to fast radiosity image generation},
   journal = {ACM SIGGRAPH Computer Graphics},
   publisher = {ACM},
   pages = {75-84},
   volume = {22},
   issue = {4},
   month = {Aug},
   year = {1988}
}

%listo
@article {RC06,
   author = {Robert Cook and Thomas Porter and Loren Carpenter},
   title = {Distributed ray tracing},
   journal = {ACM SIGGRAPH Computer Graphics},
   publisher = {ACM},
   pages = {137-145},
   volume = {18},
   issue = {3},
   month = {Jul},
   year = {1984}
}

%listo
@inproceedings{DCSM05,
    author = {Carsten Dachsbacher and Marc Stamminger},
    title = {Reflective shadow maps},
    booktitle = {I3D '05 Proceedings of the 2005 symposium on Interactive 3D graphics and games},
    publisher = {ACM},
    year = {2005},
    pages = {203-231}
}

%listo
@inproceedings{DCSM06,
    author = {Carsten Dachsbacher and Marc Stamminger},
    title = {Splatting indirect illumination},
    booktitle = {I3D '06 Proceedings of the 2006 symposium on Interactive 3D graphics and games},
    publisher = {ACM},
    year = {2006},
    pages = {93-100}
}

%listo
@article{DSDD07,
    author = {Carsten Dachsbacher and Marc Stamminger and George Drettakis and Frédo Durand},
    title = {Implicit visibility and antiradiance for interactive global illumination},
    journal = {ACM Transactions on Graphics (TOG) - Proceedings of ACM SIGGRAPH 2007},
    publisher = {ACM},
    volume = {26},
    month = {Jul},
    issue = {3},
    year = {2007}
}	

%listo
@inproceedings{Dong04,
  author = {Zhao Dong and Wei Chen and Hujun Bao and Hongxin Zhang and Qunsheng Peng},
  title = {Real-time voxelization for complex polygonal models},
  booktitle = {Proceedings of the Computer Graphics and Applications, 12th Pacific Conference},
  publisher = {IEEE Computer Society},
  pages = {43-50},
  year = {2004}
}

%listo
@inproceedings{DZKJ07,
    author = {Zhao Dong and Jan Kautz and Christian Theobalt and Hans-Peter Seidel},
    title = {Interactive global illumination using vmplicit visibility},
    booktitle = {Proceedings of the 15th Pacific Conference on Computer Graphics and Applications},
    publisher = {IEEE Computer Society},
    year = {2007},
    pages = {77-86}
}

%listo
@ONLINE{DragonAge,
    author = {BioWare},
    title = {Dragon Age {II}},
    year = {2011},
    note = {http://dragonage.bioware.com}
}

%listo
@book{PDKVPB06,
   author = {Philip Dutré and Kavita Bala and Philippe Bekaert and Peter Shirley},
   title= {Advance global illumination},
   publisher = {A K Peters, Ltd.},
   year = {2006}
}

%listo
@inproceedings{Eisemann06,
  author = {Elmar Eisemann and Xavier D\'{e}coret},
  title = {Fast scene voxelization and applications},
  booktitle = {I3D '06 Proceedings of the 2006 symposium on Interactive 3D graphics and games},
  publisher = {ACM},
  pages = {71-78},
  year = {2006}
}

%listo
@article{Eisemann08,
  author = {Elmar Eisemann and Xavier Décoret},
  title = {Single-pass {GPU} solid voxelization and applications},
  journal = {In GI '08: Proceedings of Graphics Interface 2008},
  publisher = {Canadian Information Processing Society},
  volume = {322},
  pages = {73-80},
  year = {2008}
}

%listo
@inproceedings{EAC06,
    author = {Alex Evans},
    title = {Fast approximations for global illumination on dynamic scenes},
    booktitle = {SIGGRAPH '06 ACM SIGGRAPH 2006 Courses},
    publisher = {ACM},
    pages = {153-171},
    year = {2006},
}

%listo
@techreport{Everitt01,
  author = {Cass Everitt},
  title = {Interactive order-independent transparency},
  institution = {NVIDIA Corporation},
  year = {2001}
}

%listo
@article{Fang2000,
  author = {Shiaofen Fang and Hongsheng Chen},
  title = {Hardware accelerated voxelization},
  journal = {Computers and Graphics 24},
  year = {2000}
}

%listo
@article {FR09,
   author = {Raanan Fattal},
   title = {Participating media illumination using light propagation maps},
   journal = {ACM Transactions on Graphics (TOG)},
   publisher = {ACM},
   volume = {28},
   issue = {1},
   month = {January},
   year = {2009}
}	

%listo
@article{ForestEtAl09,
  author = {Vincent Forest and Loic Barthe and Mathias Paulin},
  title = {Real-time hierarchical binary-scene voxelization},
  journal = {Journal of Graphics, {GPU}, and Game Tools},
  volume = {14},
  issue = {3},
  pages = {21-34},
  year = {2009}
}

%listo
@inproceedings{GRRKC04,
    author = {R. Geist and K. Rasche and J. Westall and R. Schalkoff},
    title = {Lattice-boltzmann lighting},
    booktitle = {Rendering Techniques 2004 Proceedings of the Eurographics Symposium on Rendering},
    year = {2004},
    pages = {355-362}
}

%listo
@article {Gouraud07,
   author = {Henri Gouraud},
   title = {Continuous shading of curved surfaces},
   journal = {IEEE Transactions on Computers},
   volume = {20},
   issue = {6},
   pages = {623-629},
   month = {Jun},
   year = {1971}
}	

%listo
@article {CG84,
    author = {Cindy Goral and Kenneth Torrance and Donald Greenberg and Bennett Battaile},
    title = {Modeling the interaction of light between diffuse surfaces},
    journal = {ACM SIGGRAPH Computer Graphics},
    publisher = {ACM},
    pages = {213-222},
    volume = {18},
    issue = {3},
    month = {Jul},
    year = {1984}
}

%listo
@article {Greger98,
    author = {Gene Greger and Peter Shirley and Philip Hubbard and Donald Greenberg},
    title = {The irradiance volume},
    journal = {IEEE Computer Graphics and Applications},
    publisher = {IEEE Computer Society},
    volume = {18},
    issue = {2},
    month = {March},
    pages = {32-43},
    year = {1998}
}

%listo
@online{Halo,
    author = {Bungie},
    title = {Halo 3},
    year = {2007},
    note = {http://halo.xbox.com/en-us/intel/titles/halo3}
}

%listo
@article {HWJ95,
    author = {Henrik Wann Jensen and Niels Jorgen Christensen},
    title = {Photon maps in bidirectional Monte Carlo ray tracing of complex objects},
    journal = {Computers and Graphics},
    publisher = {Elsevier Ltd.},
    pages = {215-224},
    volume = {19},
    issue = {2},
    year = {1995}
}

%listo
@inproceedings{HWJ96,
    author = {Henrik Wann Jensen},
    title = {Global illumination using photon maps},
    booktitle = {Proceedings of the eurographics workshop on Rendering techniques '96},
    year = {1996},
    pages = {21-30},
    publisher = {Springer-Verlag}
}

%listo
@inproceedings{HWJ97,
   author = {Henrik Wann Jensen},
   title = {Rendering caustics on non-lambertian surfaces},
   booktitle = {GI '96 Proceedings of the conference on Graphics interface '96},
   publisher = {Canadian Information Processing Society},
   pages = {116-121},
   year = {1996}
}

%listo
@book{HWJ09,
   author = {Henrik Wann Jensen},
   title= {Realistic image synthesis using photon mapping},
   publisher = {A. K. Peters, Ltd.},
   year = {2009},
   pages = {193}
}

%listo
@article {KA86,
   author = {James Kajiya},
   title = {The rendering equation},
   journal = {ACM SIGGRAPH Computer Graphics},
   publisher = {ACM},
   pages = {143-150},
   volume = {20},
   issue = {4},
   year = {1986}
}

%listo
@inproceedings{KA09,
    author = {Anton Kaplanyan},
    title = {Light propagation volumes in {CryENGINE} 3},
    booktitle = {ACM SIGGRAPH 2009 Courses - Advances in Real-Time Rendering in 3D Graphics and Games Course},
    year = {2009}
}

%listo
@inproceedings{AKCD10,
    author = {Anton Kaplanyan and Carsten Dachsbacher},
    title = {Cascaded light propagation volumes for real-time indirect illumination},
    booktitle = {I3D '10 Proceedings of the 2010 ACM SIGGRAPH symposium on Interactive 3D Graphics and Games},
    publisher = {ACM},
    year = {2010},
    pages = {99-107}
}

%listo
@inproceedings{AK97,
   author = {Alexander Keller},
   title = {Instant radiosity},
   booktitle = {SIGGRAPH '97 Proceedings of the 24th annual conference on Computer graphics and interactive techniques},
   publisher = {ACM Press/Addison-Wesley},
   pages = {49-56},
   year = {1997}
}

%listo
@article {EPL6,
   author = {Eric Lafortune and Yves Willems},
   title = {A theoretical framework for physically based rendering},
   journal = {Computer Graphics Forum},
   publisher = {The Eurographics Association and Blackwell Publishing Ltd.},
   pages = {97-107},
   volume = {13},
   issue = {2},
   month = {May},
   year = {1994}
}

%listo
@article{Li05,
  author = {Wei Li and Zhe Fan and Xiaoming Wei and Arie Kaufman},
  title = {Flow simulation with complex boundaries},
  journal = {{GPU} Gems 2: Programming Techniques for High-Performance Graphics and General-Purpose Computation},
  publisher = {Addison-Wesley Professional},
  year = {2005}
}

%listo
@inproceedings{MMLD09,
    author = {Morgan McGuire and David Luebke},
    title = {Hardware-accelerated global illumination by image space photon mapping},
    booktitle = {Proceedings of the Conference on High Performance Graphics 2009},
    publisher = {ACM},
    year = {2009},
    pages = {77-89}
}

%listo
@article {Metro53,
   author = {N. Metropolis and A. W. Rosenbluth and M. N. Rosenbluth and H. Teller and E. Teller},
   title = {Equations of state calculations by fast computing machines},
   journal = {Journal of Chemical Physics},
   volume = {21},
   issue = {6},
   pages = {1087-1092},
   year = {1953}
}

%listo
@inproceedings{Mittring07,
    author = {Martin Mittring},
    title = {Finding next gen: {CryENGINE} 2},
    booktitle = {SIGGRAPH '07 ACM SIGGRAPH 2007 courses},
    publisher = {ACM},
    year = {2007},
    pages = {97-121}
}

%listo
@inproceedings{NGWC09,
    author = {Greg Nichols and Chris Wyman},
    title = {Multiresolution splatting for indirect illumination},
    booktitle = {I3D '09 Proceedings of the 2009 symposium on Interactive 3D graphics and games},
    publisher = {ACM},
    year = {2009},
    pages = {83-90}
}

%listo
@article {NGSJWC09,
   author = {Greg Nichols and Jeremy Shopf and Chris Wyman},
   title = {Hierarchical image-space radiosity for interactive global illumination},
   journal = {Computer Graphics Forum},
   publisher = {The Eurographics Association and Blackwell Publishing Ltd.},
   pages = {1141-1149},
   volume = {28},
   issue = {4},
   year = {2009}
}	

%listo
@article{Passalis07,
  author = {George Passalis and Theoharis Theoharis and George Toderici and Ioannis Kakadiaris},
  title = {General voxelization algorithm with scalable {GPU} implementation},
  journal = {Journal of Graphics, GPU and Game Tools},
  volume = {12},
  pages = {61-71},
  issue = {1},
  month = {January},
  year = {2007}
}

%listo
@inproceedings{Phong75,
    author = {Bui-T. Phong and F. C. Crow},
    title = {Improved rendition of polygonal models of curved surfaces},
    booktitle = {Proceedings of the 2nd USA-Japan Computer Conference},
    year = {1975}
}

%listo
@article{Phong752,
    author = {Bui Tuong Phong},
    title = {Illumination for computer generated pictures},
    journal = {Communications of the ACM},
    publisher = {ACM},
    volume = {18},
    issue = {6},
    pages = {311-317},
    month = {Jun},
    year = {1975}
}

%listo
@article{RT08,
   author = {Tobias Ritschel and Thorsten Grosch and M. H. Kim and Hans-Peter Seidel and C. Dachsbacher and J. Kautz},
   title = {Imperfect shadow maps for efficient computation of indirect illumination},
   journal = {ACM Transactions on Graphics (TOG) - Proceedings of ACM SIGGRAPH Asia 2008},
   publisher = {ACM},
   volume = {27},
   issue = {5},
   month = {Dec},
   year = {2008}
}

%listo
@article {RT09a,
    author = {Tobias Ritschel and T. Engelhardt and Thorsten Grosch and Hans-Peter Seidel and J. Kautz and C. Dachsbacher},
    title = {Micro-rendering for scalable, parallel final gathering},
    journal = {ACM Transactions on Graphics (TOG) - Proceedings of ACM SIGGRAPH Asia 2009},
    publisher = {ACM},
    volume = {28},
    month = {Dec},
    issue = {5},
    year = {2009}
}

%listo
@inproceedings{RT09b,
    author = {Tobias Ritschel and Thorsten Grosch and Hans-Peter Seidel},
    title = {Approximating dynamic global illumination in image space},
    booktitle = {I3D '09 Proceedings of the 2009 symposium on Interactive 3D graphics and games},
    publisher = {ACM},
    pages = {75-82},
    year = {2009}
}

%listo
@article{SPKJ02,
    author = {Peter-Pike Sloan and Jan Kautz and John Snyder},
    title = {Precomputed radiance transfer for real-time rendering in dynamic, low-frequency lighting environments},
    journal = {ACM Transactions on Graphics (TOG) - Proceedings of ACM SIGGRAPH 2002},
    publisher = {ACM},
    pages = {527-536},
    volume = {21},
    issue = {3},
    year = {2002}
}

%listo
@ONLINE{Sibenik,
    author = {Marko Dabrovic},
    title = {Sibenik cathedral},
    year = {2001},
    note= {http://hdri.cgtechniques.com/~sibenik2/}
}

%listo
@inproceedings{SPGN07,
    author = {Peter-Pike Sloan and Naga Govindaraju and Derek Nowrouzezahrai and John Snyder},
    title = {Image-based aproxy accumulation for real-time soft global illumination},
    booktitle = {Proceedings of the 15th Pacific Conference on Computer Graphics and Applications},
    publisher = {IEEE Computer Society},
    pages = {97-105},
    year = {2007}
}

%listo
@article {Sparrow63,
   author = {E.M. Sparrow},
   title = {A new and simpler formulation for radiative angle factors},
   journal = {Transactions of the ASME, Journal of Heat Transfer},
   volume = {85},
   issue = {2},
   pages = {81-88},
   year = {1963}
}

%listo
@inproceedings{Sparrow78,
    author = {Ephraim Sparrow and R.D. Cess},
    title = {Radiation heat transfer},
    booktitle = {Thermal and Fluids Engineering},
    publisher = {Hemisphere Publishing Corporation},
    year = {1978}
}

%listo
@article{Tabellion04,
    author = {Eric Tabellion and Arnauld Lamorlette},
    title = {An approximate global illumination system for computer generated films},
    journal = {ACM Transactions on Graphics (TOG) - Proceedings of ACM SIGGRAPH 2004},
    publisher = {ACM},
    pages = {469-476},
    volume = {23},
    issue = {3},
    month = {Aug},
    year = {2004}
}

%listo
@inproceedings{TSHN11,
    author = {Sinje Thiedemann and Niklas Henrich and Thorsten Grosch and Stefan Müller},
    title = {Voxel-based global illumination},
    booktitle = {I3D '11 Symposium on Interactive 3D Graphics and Games},
    publisher = {ACM},
    year = {2011},
    pages = {103-110}
}

%listo
@inproceedings{Veach94,
    author = {Eric Veach and Leonidas Guibas},
    title = {Bidirectional estimators for light transport},
    booktitle = {Proceeding of the 5th Eurographics Workshop on Rendering},
    publisher = {Darmstadt},
    year = {1994},
    pages = {147-162}
}

%listo
@inproceedings{Veach97,
    author = {Eric Veach and Leonidas Guibas},
    title = {Metropolis light transport},
    booktitle = {SIGGRAPH '97 Proceedings of the 24th annual conference on Computer graphics and interactive techniques},
    publisher = {ACM},
    year = {1997},
    pages = {65-76}
}

%listo
@article {BW05,
    author = {Bruce Walter and Sebastian Fernandez and Adam Arbree and Kavita Bala and Michael Donikian and Donald P. Greenberg},
    title = {Lightcuts: {A} scalable approach to illumination},
    journal = {ACM Transactions on Graphics (TOG) - Proceedings of ACM SIGGRAPH 2005},
    publisher = {ACM},
    pages = {1098-1107},
    volume = {24},
    month = {Jul},
    issue = {3},
    year = {2005}
}

%listo
@article {BW06,
   author = {Bruce Walter and Adam Arbree and Kavita Bala and Donald P. Greenberg},
   title = {Multidimensional lightcuts},
   journal = {ACM Transactions on Graphics (TOG) - Proceedings of ACM SIGGRAPH 2006},
   publisher = {ACM},
   pages = {1081-1088},
   volume = {25},
   issue = {3},
   month = {Jul},
   year = {2006}
}

%listo
@article {RW09,
   author = {Rui Wang and Rui Wang and Kun Zhou and Minghao Pan and Hujun Bao},
   title = {An efficient {GPU}-based approach for interactive global illumination},
   journal = {ACM Transactions on Graphics (TOG) - Proceedings of ACM SIGGRAPH 2009},
   publisher = {ACM},
   pages = {1-8},
   volume = {28},
   month = {Aug},
   issue = {3},
   year = {2009}
}

%listo
@article {GJW97,
   author = {Gregory Ward and Francis Rubinstein and Robert D. Clear},
   title = {A ray tracing solution for diffuse interreflection},
   journal = {ACM SIGGRAPH Computer Graphics},
   publisher = {ACM},
   pages = {85-92},
   volume = {22},
   month = {Jul},
   issue = {4},
   year = {1988}
}

%listo
@article {Whitted80,
   author = {Turner Whitted},
   title = {An improved illumination model for shaded display},
   journal = {ACM SIGGRAPH Computer Graphics},
   publisher = {ACM},
   pages = {343-349},
   volume = {13},
   issue = {2},
   year = {1979}
}


%listo
@book{Shreiner09,
   author = {Dave Shreiner},
   title= {Open{GL} programming guide: the official guide to learning {OpenGL}, versions 3.0 and 3.1},
   publisher = {Addison-Wesley Professional},
   pages = {936},
   year = {2009 }
}

@InProceedings{LAINE07,
  author =    {Samuli Laine and Hannu Saransaari and Janne Kontkanen and Jaakko Lehtinen and Timo Aila},
  title =     {Incremental instant radiosity for real-Time indirect illumination},
  booktitle = {Proceeding of Eurographics Symposium on Rendering 2007},
  pages =     {277--286},
  year =      {2007},
  publisher = {Eurographics Association},
}

@inproceedings{CARR03,
 author = {Carr, Nathan A. and Hall, Jesse D. and Hart, John C.},
 title = {{GPU} algorithms for radiosity and subsurface scattering},
 booktitle = {Proceedings of the ACM SIGGRAPH/EUROGRAPHICS conference on Graphics hardware},
 series = {HWWS '03},
 year = {2003},
 isbn = {1-58113-739-7},
 location = {San Diego, California},
 pages = {51--59},
 numpages = {9},
 url = {http://dl.acm.org/citation.cfm?id=844174.844182},
 acmid = {844182},
 publisher = {Eurographics Association},
 address = {Aire-la-Ville, Switzerland, Switzerland},
}

@article{NIELSEN02,
 author = {Nielsen, Kasper H{\o}y and Christensen, Niels J{\o}rgen},
 title = {Fast texture-based form factor calculations for radiosity using graphics hardware},
 journal = {Journal of Graphics Tools},
 issue_date = {2002},
 volume = {6},
 number = {4},
 month = sep,
 year = {2002},
 issn = {1086-7651},
 pages = {1--12},
 numpages = {12},
 url = {http://dl.acm.org/citation.cfm?id=607948.607949},
 acmid = {607949},
 publisher = {A. K. Peters, Ltd.},
 address = {Natick, MA, USA},
}

@inproceedings{GREEN07,
 author = {Green, Chris},
 title = {Efficient self-shadowed radiosity normal mapping},
 booktitle = {ACM SIGGRAPH 2007 courses},
 series = {SIGGRAPH '07},
 year = {2007},
 location = {San Diego, California},
 pages = {1--8},
 numpages = {8},
 url = {http://doi.acm.org/10.1145/1281500.1281664},
 doi = {10.1145/1281500.1281664},
 acmid = {1281664},
 publisher = {ACM},
 address = {New York, NY, USA},
}

@inproceedings{COOMBE04,
 author = {Coombe, Greg and Harris, Mark J. and Lastra, Anselmo},
 title = {Radiosity on graphics hardware},
 booktitle = {Proceedings of Graphics Interface 2004},
 year = {2004},
 isbn = {1-56881-227-2},
 location = {London, Ontario, Canada},
 pages = {161--168},
 numpages = {8},
 url = {http://dl.acm.org/citation.cfm?id=1006058.1006078},
 acmid = {1006078},
 publisher = {Canadian Human-Computer Communications Society},
 address = {School of Computer Science, University of Waterloo, Waterloo, Ontario, Canada},
 keywords = {global illumination, graphics hardware},
}

@inproceedings{WALL08,
title={{GPU} Radiosity for Triangular Meshes with Support of Normal Mapping and Arbitrary Light Distributions},
booktitle={Proceedings of the Sixteenth International Conference in Central Europe on Computer Graphics Visualization and Computer Vision 2008 WSCG 2008},
publisher={University of West Bohemia},
author={Wallner, Gunter}, year={2008}}

@phdthesis{PURCELL04,
 author = {Purcell, Timothy John},
 advisor = {Hanrahan, Patrick M.},
 title = {Ray tracing on a stream processor},
 year = {2004},
 publisher = {Stanford University},
 address = {Stanford, CA, USA},
}

@MastersThesis{CRIS05,
    author     =     {Martin Christen},
    title     =     {Ray tracing on {GPU}},
    school     =     {University of Applied Sciences Basel (FHBB)},
    address     =     {Switzerland},
    year     =     {2005},
    }

@article{RPU05,
 author = {Woop, Sven and Schmittler, J\"{o}rg and Slusallek, Philipp},
 title = {{RPU}: a programmable ray processing unit for realtime ray tracing},
 journal = {ACM Transactions on Graphics (TOG)},
 issue_date = {Jul 2005},
 volume = {24},
 number = {3},
 month = jul,
 year = {2005},
 issn = {0730-0301},
 pages = {434--444},
 numpages = {11},
 url = {http://doi.acm.org/10.1145/1073204.1073211},
 doi = {10.1145/1073204.1073211},
 acmid = {1073211},
 publisher = {ACM},
 address = {New York, NY, USA},
 keywords = {hardware architecture, programmable shading, ray processing unit, ray tracing},
}

@inproceedings{SAAR02,
author = {J\"{o}rg Schmittler and Ingo Wald and Philipp Slusallek},
title = {{SaarCOR} -- a hardware architecture for ray tracing},
booktitle = {Proceedings of the conference on Graphics Hardware 2002},
year = {2002},
isbn = {1-58113-580-7},
pages = {27--36},
location = {Saarbruecken, Germany},
publisher = {Eurographics Association},
organization = {Saarland University},
note = {available at http://www.openrt.de}
}

@ONLINE{VALVE,
author = {{Valve Corporation}},
title = {Valve},
month = {Jun},
year = {2012},
note = {http://www.valvesoftware.com/}
}

@article {RITSCHEL12,
author = {Ritschel, Tobias and Dachsbacher, Carsten and Grosch, Thorsten and Kautz, Jan},
title = {The State of the Art in Interactive Global Illumination},
journal = {Computer Graphics Forum},
volume = {31},
number = {1},
publisher = {Blackwell Publishing Ltd},
issn = {1467-8659},
url = {http://dx.doi.org/10.1111/j.1467-8659.2012.02093.x},
doi = {10.1111/j.1467-8659.2012.02093.x},
pages = {160--188},
keywords = {image synthesis, interactive rendering, real-time rendering, volume rendering, global illumination, ray tracing, radiosity, photon mapping},
keywords = {I.3.7 [Computer Graphics]: Three-Dimensional Graphics and Realism:, Colour, shading, shadowing, and texture/Radiosity/Raytracing},
year = {2012},
}

@ONLINE{OPTIX,
author = {{Nvidia Corporation}},
title = {Nvidia homepage},
month = {Jun},
year = {2012},
note = {http://www.nvidia.com}
}

@ONLINE{NVIDIA,
author = {{Nvidia Corporation}},
title = {{OptiX Ray Tracing Engine}},
month = {Jun},
year = {2012},
note = {http://developer.nvidia.com/optix}
}

@ONLINE{GLSL,
author = {{The Kronos Group}},
title = {{OpenGL} Shading Language - {GLSL}},
month = {Jun},
year = {2012},
note = {http://www.opengl.org/documentation/glsl/}
}
@ONLINE{CG,
author = {{Nvidia Corporation}},
title = {{C} for Graphics - {Cg}},
month = {Jun},
year = {2012},
note = {http://developer.nvidia.com/cg-toolkit}
}
@ONLINE{HLSL,
author = {{Microsoft Corporation}},
title = {High Level Shader Language - {HLSL}},
month = {May},
year = {2006},
note = {http://msdn.microsoft.com/en-us/library/bb509561.aspx}
}
@ONLINE{OPENCL,
author = {{The Kronos Group}},
title = {Open Computing Language - {OpenCL}},
month = {Sep},
year = {2008},
note = {http://khronos.org/opencl}
}
@ONLINE{CUDA,
author = {{Nvidia Corporation}},
title = {Nvidia {CUDA}},
month = {Jun},
year = {2012},
note = {http://developer.nvidia.com/category/zone/cuda-zone}
}

@ONLINE{DIRECTC,
author = {{Microsoft Corporation}},
title = {{DirectCompute}},
month = {Jun},
year = {2012},
note = {{http://www.microsoft.com/en-us/download/details.aspx?id=16995}}
}

%@ONLINE{OGLARB,
%author = {{The OpenGL Architecture Review Board - ARB}},
%title = {{Occlusion Query extension}},
%month = {Jun},
%year = {2003},
%url = {{http://oss.sgi.com/projects/ogl- sample/registry/ARB/occlusion_query.txt}}
%}

@article{LANGER00,
 author = {Michael S. Langer and Heinrich H B\"{u}lthoff},
 title = {Depth discrimination from shading under diffuse lighting},
 journal = {Perception },
 volume = {29},
 number = {6},
 month = jul,
 year = {2000},
 pages = {649--660},
}

@inproceedings{MAVRIDIS11,
  author = {Mavridis, Pavlos and Papaioannou, Georgios},
  booktitle = {Proceedings of the International Conference on Computer Graphics Theory and Application}},
  pages = {160-165},
  publisher = {SciTePress},
  title = {Global Illumination using Imperfect Volumes},
  year = 2011
}

@Article{CRASSIN11,
  author       = "Crassin, Cyril and Neyret, Fabrice and Sainz, Miguel and Green, Simon and Eisemann, Elmar",
  title        = "Interactive Indirect Illumination Using Voxel Cone Tracing",
  journal      = "Computer Graphics Forum (Proceedings of Pacific Graphics 2011)",
  number       = "7",
  volume       = "30",
  month        = "Sep",
  year         = "2011",
  keywords     = "Global illumination, indirect lighting, ambient occlusion, final gather, cone-tracing, voxels, GPU, real-time rendering"
}

@inproceedings{PAPAI11,
 author = {Papaioannou, Georgios},
 title = {Real-time diffuse global illumination using radiance hints},
 booktitle = {Proceedings of the ACM SIGGRAPH Symposium on High Performance Graphics},
 series = {HPG '11},
 year = {2011},
 isbn = {978-1-4503-0896-0},
 location = {Vancouver, British Columbia, Canada},
 pages = {15--24},
 numpages = {10},
 publisher = {ACM},
 address = {New York, NY, USA},
 keywords = {global illumination, programmable graphics hardware, real time rendering}
}
